<record><leader>00000cas a22000007a 4500</leader><controlfield tag="001">18046539</controlfield><controlfield tag="008">880607d18uu1903iauwr ne      0    0eng d</controlfield><datafield ind1=" " ind2=" " tag="010"><subfield code="a">sn 88059610 </subfield></datafield><datafield ind1=" " ind2=" " tag="040"><subfield code="a">INP</subfield><subfield code="b">eng</subfield><subfield code="c">INP</subfield><subfield code="d">OCLCQ</subfield></datafield><datafield ind1=" " ind2=" " tag="042"><subfield code="a">msc</subfield></datafield><datafield ind1="0" ind2="0" tag="245"><subfield code="a">Tama free press.</subfield></datafield><datafield ind1=" " ind2=" " tag="260"><subfield code="a">Tama, Iowa :</subfield><subfield code="b">W.R. Lesser</subfield></datafield><datafield ind1=" " ind2=" " tag="300"><subfield code="a">v.</subfield></datafield><datafield ind1=" " ind2=" " tag="310"><subfield code="a">Weekly</subfield></datafield><datafield ind1="1" ind2=" " tag="362"><subfield code="a">Ceased Aug. 6, 1903?</subfield></datafield><datafield ind1=" " ind2=" " tag="588"><subfield code="a">Description based on: Vol. 15, no. 45 (May 11, 1893).</subfield></datafield><datafield ind1=" " ind2=" " tag="752"><subfield code="a">United States</subfield><subfield code="b">Iowa</subfield><subfield code="c">Tama</subfield><subfield code="d">Tama.</subfield></datafield><datafield ind1="0" ind2="0" tag="780"><subfield code="t">Tama City free press</subfield><subfield code="w">(DLC)sn 87058339</subfield></datafield></record>